@online{oleafbeamer,
        title   = "Beamer - Overleaf, Online LaTeX Editor",
        url     = "https://www.overleaf.com/learn/latex/Beamer",
        keywords= "latex"
}
@online{present-code,
        author  = "Uri Nativ",
        title   = "How to present code.",
        date    = "2016",
        url     = "https://www.slideshare.net/LookAtMySlides/codeware",
        keywords= "latex"
}
@online{present-latex,
        author  = "Филипп Кулин",
        title   = "Пишем презентации в LaTeX",
        date    = "2019-10-14",
        url     = "https://habr.com/ru/post/471352/",
        keywords= "latex"
}

@online{site-dnsviz,
        title   = "Визуализация DNSSEC",
        url     = "http://dnsviz.net/",
        keywords= "dnssec"
}

@online{dnssec-rdg,
        author = "Филипп Кулин",
        title   = "DNSSEC. Руководство регистратора доменов",
        date    = "2016-12",
        url     = "https://www.slideshare.net/schors/dnssec-71055077",
        keywords= "dnssec"
}

@online{dnssec-dog,
        author = "Филипп Кулин",
        title   = "DNSSEC. Руководство оператора доменов",
        date    = "2017-10",
        url     = "https://www.slideshare.net/schors/enog14-dnssec",
        keywords= "dnssec"
}

@online{rfc-4033,
        title   = "RFC 4033. Введение в DNSSEC",
        date    = "2005-03",
        url     = "https://tools.ietf.org/html/rfc4033",
        keywords= "dnssec"
}

@online{rfc-4034,
        title   = "RFC 4034. Ресурсные записи для DNSSEC",
        date    = "2005-03",
        url     = "https://tools.ietf.org/html/rfc4034",
        keywords= "dnssec"
}

@online{rfc-4035,
        title   = "RFC 4035. Модификации протокола DNS для DNSSEC",
        date    = "2005-03",
        url     = "https://tools.ietf.org/html/rfc4035",
        keywords= "dnssec"
}

@online{rfc-6781,
        title   = "RFC 6781. Эксплуатация DNSSEC",
        date    = "2012-12",
        url     = "https://tools.ietf.org/html/rfc6781",
        keywords= "dnssec"
}

@online{rfc-7583,
        title   = "RFC 7583. Соображения по ротации ключей DNSSEC",
        date    = "2015-10",
        url     = "https://tools.ietf.org/html/rfc7583",
        keywords= "dnssec"
}

@online{dnssec-wl,
        author  = "R. Gieben (Google), W. Mekking (NLnet Labs)",
        title   = "RFC 7129. Authenticated Denial of Existence in the DNS",
        date    = "2014-02",
        url     = "https://datatracker.ietf.org/doc/html/rfc7129",
        note = "Определение белой лжи",
        keywords= "dnssec"
}
@online{dnssec-bl,
        author  = "Dani Grant (Cloudflare)",
        title   = "Economical With The Truth: Making DNSSEC Answers Cheap",
        date    = "2016-06-24",
        url     = "https://blog.cloudflare.com/black-lies/",
        note = "Определение черной лжи",
        keywords= "dnssec"
}

